@inproceedings{bischof2012summarizing,
  title={Summarizing topical content with word frequency and exclusivity},
  author={Bischof, Jonathan and Airoldi, Edoardo M},
  booktitle={Proceedings of the 29th International Conference on Machine Learning (ICML-12)},
  pages={201--208},
  year={2012}
}
@article{blei2003latent,
  title={Latent dirichlet allocation},
  author={Blei, David M and Ng, Andrew Y and Jordan, Michael I},
  journal={Journal of machine Learning research},
  volume={3},
  number={Jan},
  pages={993--1022},
  year={2003}
}
@article{egami2018make,
  title={How to make causal inferences using texts},
  author={Egami, Naoki and Fong, Christian J and Grimmer, Justin and Roberts, Margaret E and Stewart, Brandon M},
  journal={arXiv preprint arXiv:1802.02163},
  year={2018}
}
@article{lucas2015computer,
  title={Computer-assisted text analysis for comparative politics},
  author={Lucas, Christopher and Nielsen, Richard A and Roberts, Margaret E and Stewart, Brandon M and Storer, Alex and Tingley, Dustin},
  journal={Political Analysis},
  volume={23},
  number={2},
  pages={254--277},
  year={2015},
  publisher={Cambridge University Press}
}
@article{roberts2016,
  title={A model of text for experimentation in the social sciences},
  author={Roberts, Margaret E and Stewart, Brandon M and Airoldi, Edoardo M},
  journal={Journal of the American Statistical Association},
  volume={111},
  number={515},
  pages={988--1003},
  year={2016},
  publisher={Taylor \& Francis}
}
@inproceedings{taddy2012estimation,
  title={On estimation and selection for topic models},
  author={Taddy, Matt},
  booktitle={Artificial Intelligence and Statistics},
  pages={1184--1193},
  year={2012}
}