%% LaTeX2e file `presentation_consulting.bib'
%% generated by the `filecontents' environment
%% from source `presentation_consulting' on 2020/07/16.
%%
@article{treier2008democracy,
  title={Democracy as a latent variable},
  author={Treier, Shawn and Jackman, Simon},
  journal={American Journal of Political Science},
  volume={52},
  number={1},
  pages={201--217},
  year={2008},
  publisher={Wiley Online Library}
}
@article{quanteda,
  title = {quanteda: An R package for the quantitative analysis of textual data},
  journal = {Journal of Open Source Software},
  author = {Kenneth Benoit and Kohei Watanabe and Haiyan Wang and Paul Nulty and Adam Obeng and Stefan MÃ¼ller and Akitaka Matsuo},
  doi = {10.21105/joss.00774},
  url = {https://quanteda.io},
  volume = {3},
  number = {30},
  pages = {774},
  year = {2018},
}
@article{blei2003latent,
  title={Latent dirichlet allocation},
  author={Blei, David M and Ng, Andrew Y and Jordan, Michael I},
  journal={Journal of machine Learning research},
  volume={3},
  number={Jan},
  pages={993--1022},
  year={2003}
}
@article{blei2012probabilistic,
  title={Probabilistic topic models},
  author={Blei, David M},
  journal={Communications of the ACM},
  volume={55},
  number={4},
  pages={77--84},
  year={2012},
  publisher={ACM New York, NY, USA}
}
@online{blei2012presentation,
  title={Probabilistic topic models},
  author={Blei, David M},
  url={http://www.cs.columbia.edu/~blei/talks/Blei_ICML_2012.pdf},
  date={2012-06-26},
  urldate={2020-07-14}
}
@article{roberts2016model,
  title={A model of text for experimentation in the social sciences},
  author={Margaret E. Roberts and Brandon M. Stewart and Edoardo M. Airoldi},
  journal={Journal of the American Statistical Association},
  volume={111},
  number={515},
  pages={988--1003},
  year={2016},
  publisher={Taylor \& Francis}
 }
@article{blei2003latent,
  title={Latent dirichlet allocation},
  author={Blei, David M and Ng, Andrew Y and Jordan, Michael I},
  journal={Journal of machine Learning research},
  volume={3},
  number={Jan},
  pages={993--1022},
  year={2003}
}
@article{lucas2015computer,
  title={Computer-assisted text analysis for comparative politics},
  author={Lucas, Christopher and Nielsen, Richard A and Roberts, Margaret E and Stewart, Brandon M and Storer, Alex and Tingley, Dustin},
  journal={Political Analysis},
  volume={23},
  number={2},
  pages={254--277},
  year={2015},
  publisher={Cambridge University Press}
 }
@article{richardson2007beautiful,
  title={Beautiful soup documentation},
  author={Richardson, Leonard},
  journal={April},
  year={2007}
}
@article{roberts2016model,
  title={A model of text for experimentation in the social sciences},
  author={Margaret E. Roberts and Brandon M. Stewart and Edoardo M. Airoldi},
  journal={Journal of the American Statistical Association},
  volume={111},
  number={515},
  pages={988--1003},
  year={2016},
  publisher={Taylor \& Francis}
}
@article{roesslein2020tweepy,
  title={Tweepy: Twitter for Python!},
  author={Roesslein, Joshua},
  journal={URL: https://github.com/tweepy/tweepy},
  year={2020}
}
@Manual{R,
  title        = {R: A Language and Environment for Statistical Computing},
  author       = {{R Core Team}},
  organization = {R Foundation for Statistical Computing},
  address      = {Vienna, Austria},
  year         = 2020,
  url          = {https://www.R-project.org}
}
@book{van1995python,
  title={Python reference manual},
  author={Van Rossum, Guido and Drake Jr, Fred L},
  year={1995},
  publisher={Centrum voor Wiskunde en Informatica Amsterdam}
}
}
