%% LaTeX2e file `presentation_simon.bib'
%% generated by the `filecontents' environment
%% from source `presentation_simon' on 2020/07/11.
%%
@article{blei2003latent,
  title={Latent dirichlet allocation},
  author={Blei, David M and Ng, Andrew Y and Jordan, Michael I},
  journal={Journal of machine Learning research},
  volume={3},
  number={Jan},
  pages={993--1022},
  year={2003}
}
@article{roberts2016model,
  title={A model of text for experimentation in the social sciences},
  author={Margaret E. Roberts and Brandon M. Stewart and Edoardo M. Airoldi},
  journal={Journal of the American Statistical Association},
  volume={111},
  number={515},
  pages={988--1003},
  year={2016},
  publisher={Taylor \& Francis}
}
