%% LaTeX2e file `presentation_new_slides.bib'
%% generated by the `filecontents' environment
%% from source `presentation_new_slides' on 2020/07/15.
%%
