%% LaTeX2e file `presentation_patrick.bib'
%% generated by the `filecontents' environment
%% from source `presentation_patrick' on 2020/07/14.
%%
